<record><leader>00000cas a22000007a 4500</leader><controlfield tag="001">9613967</controlfield><controlfield tag="008">830616c19379999vauwr ne      0   a0eng d</controlfield><datafield ind1=" " ind2=" " tag="010"><subfield code="a">sn 83009100 </subfield></datafield><datafield ind1=" " ind2=" " tag="040"><subfield code="a">NSD</subfield><subfield code="b">eng</subfield><subfield code="c">NSD</subfield><subfield code="d">NVK</subfield><subfield code="d">OCL</subfield><subfield code="d">OCLCQ</subfield><subfield code="d">OCLCO</subfield></datafield><datafield ind1=" " ind2=" " tag="012"><subfield code="m">1</subfield></datafield><datafield ind1="1" ind2=" " tag="022"><subfield code="a">0745-9467</subfield><subfield code="l">0745-9467</subfield><subfield code="2">1</subfield></datafield><datafield ind1="1" ind2=" " tag="029"><subfield code="a">AU@</subfield><subfield code="b">000020079606</subfield></datafield><datafield ind1=" " ind2=" " tag="032"><subfield code="a">530140</subfield><subfield code="b">USPS</subfield></datafield><datafield ind1=" " ind2=" " tag="037"><subfield code="b">Sussex-Surry Dispatch, P.O. Box 370, Wakefield, VA 23888</subfield></datafield><datafield ind1=" " ind2=" " tag="042"><subfield code="a">nsdp</subfield></datafield><datafield ind1=" " ind2="0" tag="222"><subfield code="a">Sussex-Surry dispatch</subfield></datafield><datafield ind1="0" ind2="0" tag="245"><subfield code="a">Sussex-Surry dispatch.</subfield></datafield><datafield ind1="3" ind2=" " tag="246"><subfield code="a">Sussex, Surry dispatch</subfield></datafield><datafield ind1="3" ind2=" " tag="246"><subfield code="a">Sussex Surry dispatch.</subfield></datafield><datafield ind1=" " ind2=" " tag="260"><subfield code="a">Waverly, Va. :</subfield><subfield code="b">Waverly Printing Co., Inc.,</subfield><subfield code="c">1937-</subfield></datafield><datafield ind1=" " ind2=" " tag="310"><subfield code="a">Weekly</subfield></datafield><datafield ind1="0" ind2=" " tag="362"><subfield code="a">Vol. 49, no. 10 (Mar.4, 1937)-</subfield></datafield><datafield ind1=" " ind2=" " tag="500"><subfield code="a">Published in Wakefield, Va. &lt;May 7, 1970&gt;-  .</subfield></datafield><datafield ind1=" " ind2=" " tag="500"><subfield code="a">Publisher varies.</subfield></datafield><datafield ind1=" " ind2=" " tag="515"><subfield code="a">Numbering continues the Waverly dispatch.</subfield></datafield><datafield ind1=" " ind2=" " tag="515"><subfield code="a">Suspended with Oct. 21, 1943 ; resumed with Feb. 28, 1946.</subfield></datafield><datafield ind1=" " ind2=" " tag="580"><subfield code="a">In 1993 Chesapeake Pub. Corp. published: Caroline progress (Bowling Green, Va.); Northumberland echo (Heathsville, Va.); Tidewater review; and Westmoreland news.</subfield></datafield><datafield ind1=" " ind2=" " tag="580"><subfield code="a">Absorbed Tri-County news (Wakefield, Va.) on Feb. 28, 1946.</subfield></datafield><datafield ind1=" " ind2="0" tag="651"><subfield code="a">Wakefield (Va.)</subfield><subfield code="v">Newspapers.</subfield></datafield><datafield ind1=" " ind2="0" tag="651"><subfield code="a">Sussex County (Va.)</subfield><subfield code="v">Newspapers.</subfield></datafield><datafield ind1=" " ind2="0" tag="651"><subfield code="a">Surry County (Va.)</subfield><subfield code="v">Newspapers.</subfield></datafield><datafield ind1=" " ind2="0" tag="651"><subfield code="a">Prince George County (Va.)</subfield><subfield code="v">Newspapers.</subfield></datafield><datafield ind1=" " ind2="0" tag="651"><subfield code="a">Southampton County (Va.)</subfield><subfield code="v">Newspapers.</subfield></datafield><datafield ind1=" " ind2=" " tag="752"><subfield code="a">United States</subfield><subfield code="b">Virginia</subfield><subfield code="c">Sussex</subfield><subfield code="d">Wakefield.</subfield></datafield><datafield ind1=" " ind2=" " tag="752"><subfield code="a">United States</subfield><subfield code="b">Virginia</subfield><subfield code="c">Sussex</subfield><subfield code="d">Waverly.</subfield></datafield><datafield ind1="1" ind2=" " tag="775"><subfield code="t">Northumberland echo (Heathsville, Va.)</subfield><subfield code="w">(DLC)sn 95079240</subfield></datafield><datafield ind1="1" ind2=" " tag="775"><subfield code="t">Tidewater review</subfield><subfield code="w">(DLC)sn 86071902</subfield></datafield><datafield ind1="1" ind2=" " tag="775"><subfield code="t">Caroline progress (Bowling Green, Va.)</subfield><subfield code="w">(DLC)sn 94060151</subfield></datafield><datafield ind1="1" ind2=" " tag="775"><subfield code="t">Westmoreland news</subfield><subfield code="w">(DLC)sn 98068083</subfield></datafield><datafield ind1="1" ind2="5" tag="780"><subfield code="t">Tri-County news (Wakefield, Va.)</subfield><subfield code="w">(DLC)sn 95079259</subfield></datafield></record>